00595cas a22002291a 4500
001 999332563502836
003 Nz
005 20220211151039.0
008 040114d19821987nz wr ne      0   a0eng  
035    $a (NLNZils)933256
035    $a (Nz)8185538
035    $a (NLNZils)933256-ilsdb
035    $a (OCoLC)173423690
040    $a NZNB $c NZNB
042    $a nznb
043    $a u-nz---
245 00 $a Weekend report.
260    $a [Whangarei, N.Z. : $b s.n., $c 1982-1987?]
310    $a Weekly
362 0  $a 1982 Aug.13-1987?
651  0 $a Whangarei (N.Z.) $v Newspapers.
655  7 $a New Zealand newspapers. $2 local $5 Nz
